<record><leader>00000cas a22000007a 4500</leader><controlfield tag="001">14227694</controlfield><controlfield tag="008">860917d19331939txuwr ne      0    0eng d</controlfield><datafield ind1=" " ind2=" " tag="010"><subfield code="a">sn 86088999 </subfield></datafield><datafield ind1=" " ind2=" " tag="040"><subfield code="a">PPM</subfield><subfield code="b">eng</subfield><subfield code="c">PPM</subfield><subfield code="d">OCLCQ</subfield></datafield><datafield ind1=" " ind2=" " tag="042"><subfield code="a">msc</subfield></datafield><datafield ind1="0" ind2="4" tag="245"><subfield code="a">The Big Bend sentinel (and the new era).</subfield></datafield><datafield ind1=" " ind2=" " tag="260"><subfield code="a">Marfa, Tex. :</subfield><subfield code="b">Marfa Pub. Co.,</subfield><subfield code="c">1933-</subfield></datafield><datafield ind1=" " ind2=" " tag="300"><subfield code="a">5 v. :</subfield><subfield code="b">ill. ;</subfield><subfield code="c">56 cm.</subfield></datafield><datafield ind1=" " ind2=" " tag="310"><subfield code="a">Weekly</subfield></datafield><datafield ind1="0" ind2=" " tag="362"><subfield code="a">Vol. 8, no. 10 (May 25, 1933)-v. 13, no. 50 (Mar. 3, 1939).</subfield></datafield><datafield ind1=" " ind2=" " tag="752"><subfield code="a">United States</subfield><subfield code="b">Texas</subfield><subfield code="c">Presidio</subfield><subfield code="d">Marfa.</subfield></datafield><datafield ind1="0" ind2="0" tag="780"><subfield code="t">Big Bend sentinel (and the Marfa new era)</subfield><subfield code="w">(DLC)sn 86088998</subfield></datafield><datafield ind1="0" ind2="0" tag="785"><subfield code="t">Big Bend sentinel (Marfa, Tex. : 1939)</subfield><subfield code="w">(DLC)sn 86089000</subfield></datafield></record>